@article{ahu61,
       author={Arrow, Kenneth J. and Leonid Hurwicz and Hirofumi Uzawa},
       title={Constraint qualifications in maximization problems},
       journal={Naval Research Logistics Quarterly},
       volume={8},
       year = 1961,
       pages = {175-191}
}
@ONLINE{nigeria,
	author = {Nigeria Electricity Privatisation},
	title = {Background},
	month = jun,
	year = {2009},
	url = {http://www.nigeriaelectricityprivatisation.com/?page_id=2}
}

