@article{rcimmix,
	author={Rifat Shahriyar, Stephen M. Blackburn, Xi Yang, Kathryn S. McKinley},
	title={Taking Off the Gloves with Reference Counting Immix},
	year = 2013,
	pages = {1-18}
     }
@article{rc,
	author={Rifat Shahriyar, Stephen M. Blackburn, Daniel Frampton},
	title={Down for the Count? Getting Reference Counting Back in the Ring},
	year = 2012,
	pages = {1-11}
}